\nocite{*}
@article{github,
  title={\url{https://github.com/AnranW/wlp/blob/main/thesis/main-anran-ma.pdf}},
}